@book{aop,
  author = {Donald E. Knuth},
  title = {The Art of Computer Programming - Volume 1 Fundamental Algorithms},
  year = {1968},
  publisher = {Addison-Wesley Professional},
  edition = {3}
}

@article {btrees,
  title={Symmetric Binary B-Trees: Data Structure and Maintanance Algorithms},
  author={R. Bayer},
  journal={Acta Informatica},
  volume={1},
  pages={290-306},
  year={1972},
  publisher={Springer Verlag}
}

@book {aic,
  author = {R. Sedgewick},
  title = {Algorithms in C},
  year = {1990},
  publisher = {Addison-Wesley Professional}
}

@book {aad,
  author = {Kurt Mehlhorn \& Peter Sanders},
  title = {Algorithms and Data Structures. The Basic Toolbox.},
  year = {2008},
  publisher = {Springer Verlag},
  ISBN = {978-3-540-77977-3}
}